@inbook{pushpak2017, author="Pushpak Bhattacharyya", title={Indowordnet. In The WordNet in Indian Languages}, publisher={Springer}, year={2017}, pages="1--18"}