@misc{
	firuza_aibara,
	author="Firuza Aibara",
	title="{LaTeX - Fundamental Research Group - IIT Bombay}",
	howpublished={\url{http://www.it.iitb.ac.in/frg/wiki/index.php/LaTeX/}},
	year=2016
}

@book{
	latex_leslie,
	author="Leslie Lamport",
	title="Latex",
	publisher="Addison-Wesley",
	year=1994
}

@book{
	latex_hopka,
	author={Helmut Kopka, Patrick W Daly},
	title="A guide to latex",
	year=1995
}

@book{
	latex_michael,
	author="Michael Downes",
	title={Short math guide for LATEX},
	publisher="American Mathematical Society",
	year=2002
}